@Article{ClarkeWing96,
  author =       { Edmund Clarke and Jeannette Wing },
  title =        { Strategic Directions in Computing Research: Tools
                  and Partial Analysis },
  journal =      acm-cs,
  year =         1996,
  volume =       {28A},
  number =       4,
  month =        dec
}

@InProceedings{Hubbers_Oostdijk_Poll:2003sec,
   author       = {Engelbert Hubbers and
                   Martijn Oostdijk and
                   Erik Poll},
   title        = {From Finite State Machines To
                   Provably Correct Java Card Applets},
   booktitle    = {Proceedings of
                   the 18th IFIP Information Security Conference},
   editor       = {Dimitris Gritzalis and
                   Sabrina De Capitani di Vimercati and
                   Pierangela Samarati and
                   Sokratis K. Katsikas},
   pages        = {465--470},
   publisher    = {Kluwer Academic Publishers},
   year         = 2003,
   isbn         = {1-4020-7449-2}
}