@string{ACM = "ACM"}
@string{LNCS = "LNCS"}
@InProceedings{Burdy-etal03,
author =       {Lilian Burdy and Yoonsik Cheon and David Cok and 
                 Michael Ernst and Joe Kiniry and Gary T. Leavens and 
                 K. Rustan M. Leino and Erik Poll},
title =        {An overview of {JML} tools and applications},
booktitle = 	 {Eighth International Workshop on
                  Formal Methods for Industrial Critical Systems (FMICS 03)},
pages = 	 {73--89},
year =    	 {2003},
editor = 	 {Thomas Arts and Wan Fokkink},
volume = 	 {80},
series = 	 {Electronic Notes in Theoretical Computer Science (ENTCS)},
month = 	 {June},
publisher =    {Elsevier},
annote =       {42 references.},
URL =          {http://www.elsevier.nl/locate/entcs}
}

@InProceedings{Cheon-Leavens02,
  key =		 {Cheon \& Leavens},
  author = 	 {Yoonsik Cheon and Gary T. Leavens},
  title = 	 {A Simple and Practical Approach to Unit Testing: The {JML} and {JUnit} Way},
  booktitle =	 {ECOOP 2002 --- Object-Oriented Programming, 16th European Conference, M\'{a}alaga, Spain, Proceedings},
  pages =	 {231-255},
  year =	 2002,
  editor =	 {Boris Magnusson},
  volume =	 2374,
  series =	 LNCS,
  address =	 {Berlin},
  month =	 Jun,
  publisher =	 {Springer-Verlag},
  annote =	 {The jmlunit tool.  38 references.}
}

@InProceedings{Cheon-Leavens02b,
  key =		 {Cheon \& Leavens},
  author = 	 {Yoonsik Cheon and Gary T. Leavens},
  title = 	 {A Runtime Assertion Checker for the 
                 {Java Modeling Language (JML)}},
  booktitle =	 {Proceedings of the International Conference on Software
                  Engineering Research and Practice (SERP '02),
                  Las Vegas, Nevada, USA, June 24-27, 2002},
  pages =	 {322--328},
  year =	 2002,
  editor =	 {Hamid R. Arabnia and Youngsong Mun},
  month =	 Jun,
  publisher =	 {CSREA Press},
  annote =	 {23 references.},
  url =          {ftp://ftp.cs.iastate.edu/pub/techreports/TR02-05/TR.pdf}
}

@TechReport{Leavens-Baker-Ruby02,
  Key = 	"Leavens \& Baker \& Ruby",
  Author = 	"Gary T. Leavens and Albert L. Baker and Clyde Ruby",
  Title = 	"Preliminary Design of {JML}:
	A Behavioral Interface Specification Language for {Java}",
  Institution = "Iowa State University, Department of Computer Science",
  Year = 	2002,
  Number = 	"98-06t",
  Month = 	Dec,
  URL = "ftp://ftp.cs.iastate.edu/pub/techreports/TR98-06/TR.ps.gz",
  Annote = 	"57 references.",
  Note =        "See \verb|www.jmlspecs.org|."
}

@Unpublished{Leavens-etal02,
  Key = 	{Leavens \& Poll \& Clifton \& Cheon \& Ruby},
  Author = 	{Gary T. Leavens and Erik Poll and Curtis Clifton
                 and Yoonsik Cheon and Clyde Ruby and David R. Cok and Joseph Kiniry},
  Title = 	{JML Reference Manual},
  Month = 	Aug,
  Year  =       2003,
  Note  =       {Department of Computer Science,
                 Iowa State University.
                 Available from {\url{http://www.jmlspecs.org}}}
}

@InProceedings{Leavens-etal00,
  Key = 	"Leavens, {\em et al.}",
  Author = 	"Gary T. Leavens and K. Rustan M. Leino and Erik Poll and
                 Clyde Ruby and Bart Jacobs",
  Title = 	"{JML}: notations and tools supporting detailed design in {Java}",
  BookTitle =	"OOPSLA 2000 Companion, Minneapolis, Minnesota",
  Year = 	2000,
  Month = 	Oct,
  Pages =       "105-106",
  Organization = ACM,
  URL =         "ftp://ftp.cs.iastate.edu/pub/techreports/TR00-15/TR.ps.gz",
  Annote = 	"Abstract of an OOPSLA 2000 poster. 14 references."
}

@misc{jmlpapers,
  key = "aaaaa",
  note= "Many references to papers on JML can be found at ..."
}

